@misc{devlin2019bert,
      title={BERT: Pre-training of Deep Bidirectional Transformers for Language Understanding}, 
      author={Jacob Devlin and Ming-Wei Chang and Kenton Lee and Kristina Toutanova},
      year={2019},
      eprint={1810.04805},
      archivePrefix={arXiv},
      primaryClass={cs.CL}
}
@misc{feng2022languageagnostic,
      title={Language-agnostic BERT Sentence Embedding}, 
      author={Fangxiaoyu Feng and Yinfei Yang and Daniel Cer and Naveen Arivazhagan and Wei Wang},
      year={2022},
      eprint={2007.01852},
      archivePrefix={arXiv},
      primaryClass={cs.CL}
}
